% Journals

% First the Full Name is given, then the abbreviation used in the AMS Math
% Reviews, with an indication if it could not be found there.
% Note the 2nd overwrites the 1st, so swap them if you want the full name.

@article{ref3,
  author =       "D. Fang and Y. Qian and R. Q. Hu",
  year =         "2018",
  title =        "Security for 5G Mobile Wireless Networks",
  journal =      "IEEE Access",
  volume =       "6",
  pages =        "4850--4874",
  month =        "",
  doi =          "10.1109/ACCESS.2018.2797505",
  url =          "https://ieeexplore.ieee.org/stamp/stamp.jsp?arnumber=8340149",
  note =         "Accessed: May 27, 2025. Online."
}

@article{ref6,
  author =       "J. Suomalainen and K. Ahola and M. Majanen and S. Valli and T. Hämäläinen",
  year =         "2020",
  title =        "Security challenges of software-defined networking in 5G networks",
  journal =      "Computer Networks",
  volume =       "174",
  eid =          "107221",
  month =        "",
  doi =          "10.1016/j.comnet.2020.107221",
  url =          "https://www.sciencedirect.com/science/article/abs/pii/S1389128619310205",
  note =         "Accessed: May 27, 2025. Online."
}

@article{ref7,
  author =       "C. Benzaid and T. Taleb",
  year =         "2022",
  title =        "AI for Beyond 5G Networks: A Survey",
  journal =      "Procedia Computer Science",
  volume =       "203",
  pages =        "141--148",
  month =        "",
  doi =          "10.1016/j.procs.2022.07.019",
  url =          "https://www.sciencedirect.com/science/article/pii/S1877050922006123",
  note =         "Accessed: May 27, 2025. Online."
}

@inproceedings{ref7_1,
  author =       "M. Liyanage and J. Salo and A. Braeken and T. Kumar and A. Seneviratne and M. Ylianttila",
  year =         "2017",
  title =        "5G Privacy: Scenarios and Solutions",
  booktitle =    "IEEE 5G World Forum (5GWF)",
  pages =        "197--202",
  month =        "",
  doi =          "10.1109/5GWF.2017.00000",
  url =          "https://ieeexplore.ieee.org/stamp/stamp.jsp?tp=&arnumber=8029548",
  note =         "Accessed: May 27, 2025. Online."
}

@techreport{ref3_1,
  author =       "ETSI",
  year =         "2013",
  title =        "Network Functions Virtualisation (NFV); Architectural Framework",
  institution =  "European Telecommunications Standards Institute",
  number =       "GS NFV 002 V1.1.1",
  month =        "",
  url =          "https://www.etsi.org/deliver/etsi_gs/NFV/001_099/002/01.01.01_60/gs_NFV002v010101p.pdf",
  note =         "Accessed: May 27, 2025. Online."
}

@techreport{ref3_2,
  author =       "NGMN Alliance",
  year =         "2016",
  title =        "NGMN 5G Security - Network Slicing",
  institution =  "Next Generation Mobile Networks Alliance",
  number =       "Version 1.0",
  month =        "Apr.",
  url =          "https://www.ngmn.org/wp-content/uploads/Publications/2016/160429_NGMN_5G_Security_Network_Slicing_v1_0.pdf",
  note =         "Accessed: May 27, 2025. Online."
}

@techreport{ref3_3,
  author =       "NGMN Alliance",
  year =         "2016",
  title =        "NGMN 5G Security - Mobile Edge Computing and Consistent User Experience",
  institution =  "Next Generation Mobile Networks Alliance",
  number =       "Version 1.3",
  month =        "Oct.",
  url =          "https://www.ngmn.org/wp-content/uploads/Publications/2016/161028_NGMN-5G_Security_MEC_ConsistentUExp_v1.3_final.pdf",
  note =         "Accessed: May 27, 2025. Online."
}

@article{ref6_1,
  author =       "I. Ahmad and T. Kumar and M. Liyanage and J. Okwuibe and M. Ylianttila and A. Gurtov",
  year =         "2018",
  title =        "Overview of 5G Security Challenges and Solutions",
  journal =      "IEEE Communications Standards Magazine",
  volume =       "2",
  number =       "1",
  pages =        "36--43",
  month =        "",
  doi =          "10.1109/MCOMSTD.2018.1700063",
  url =          "https://ieeexplore.ieee.org/stamp/stamp.jsp?tp=&arnumber=7931566",
  note =         "Accessed: May 27, 2025. Online."
}

